<?xml version="1.0" encoding="UTF-8"?>
<marc:collection xmlns:marc="http://www.loc.gov/MARC21/slim" xmlns:xsi="http://www.w3.org/2001/XMLSchema-instance" xsi:schemaLocation="http://www.loc.gov/MARC21/slim http://www.loc.gov/standards/marcxml/schema/MARC21slim.xsd">
   <marc:record type="Bibliographic">
      <marc:leader>02655cam a2200505 a 4500</marc:leader>
      <marc:controlfield tag="001">1309485</marc:controlfield>
      <marc:controlfield tag="003">NjP</marc:controlfield>
      <marc:controlfield tag="005">20100809120604.0</marc:controlfield>
      <marc:controlfield tag="008">930308s1950    ua       b    001 0 ara  </marc:controlfield>
      <marc:datafield tag="024" ind1="7" ind2=" ">
         <marc:subfield code="a">princeton_aco001069</marc:subfield>
         <marc:subfield code="2">local</marc:subfield>
      </marc:datafield>
      <marc:datafield tag="010" ind1=" " ind2=" ">
         <marc:subfield code="a">   81960416 </marc:subfield>
      </marc:datafield>
      <marc:datafield tag="035" ind1=" " ind2=" ">
         <marc:subfield code="a">(OCoLC)ocn177058909</marc:subfield>
      </marc:datafield>
      <marc:datafield tag="035" ind1=" " ind2=" ">
         <marc:subfield code="a">(OCoLC)ocm41163029</marc:subfield>
      </marc:datafield>
      <marc:datafield tag="035" ind1=" " ind2=" ">
         <marc:subfield code="a">(OCoLC)177058909</marc:subfield>
      </marc:datafield>
      <marc:datafield tag="035" ind1=" " ind2=" ">
         <marc:subfield code="9">CDV2406TS</marc:subfield>
      </marc:datafield>
      <marc:datafield tag="035" ind1=" " ind2=" ">
         <marc:subfield code="a">(NjP)1309485</marc:subfield>
      </marc:datafield>
      <marc:datafield tag="040" ind1=" " ind2=" ">
         <marc:subfield code="a">DLC</marc:subfield>
         <marc:subfield code="c">PUL</marc:subfield>
         <marc:subfield code="d">PUL</marc:subfield>
      </marc:datafield>
      <marc:datafield tag="042" ind1=" " ind2=" ">
         <marc:subfield code="a">lcode</marc:subfield>
      </marc:datafield>
      <marc:datafield tag="049" ind1=" " ind2=" ">
         <marc:subfield code="a">PULL</marc:subfield>
      </marc:datafield>
      <marc:datafield tag="050" ind1="0" ind2="0">
         <marc:subfield code="a">BP166</marc:subfield>
         <marc:subfield code="b">.I579 1950</marc:subfield>
      </marc:datafield>
      <marc:datafield tag="066" ind1=" " ind2=" ">
         <marc:subfield code="c">(3</marc:subfield>
         <marc:subfield code="c">(4</marc:subfield>
      </marc:datafield>
      <marc:datafield tag="079" ind1=" " ind2=" ">
         <marc:subfield code="a">ocm21022241</marc:subfield>
         <marc:subfield code="z">ocm20928129</marc:subfield>
         <marc:subfield code="z">ocm39497638</marc:subfield>
         <marc:subfield code="z">ocm41163029</marc:subfield>
      </marc:datafield>
      <marc:datafield tag="100" ind1="1" ind2=" ">
         <marc:subfield code="6">880-01</marc:subfield>
         <marc:subfield code="a">Imām al-Ḥaramayn al-Juwaynī, ʻAbd al-Malik ibn ʻAbd Allāh,</marc:subfield>
         <marc:subfield code="d">1028-1085.</marc:subfield>
      </marc:datafield>
      <marc:datafield tag="240" ind1="1" ind2="0">
         <marc:subfield code="6">880-02</marc:subfield>
         <marc:subfield code="a">Irshād ilá qawāṭiʻ al-adillah fī uṣūl al-iʻtiqād</marc:subfield>
      </marc:datafield>
      <marc:datafield tag="245" ind1="1" ind2="3">
         <marc:subfield code="6">880-03</marc:subfield>
         <marc:subfield code="a">Kitab al-Irshād ilá qawāṭiʻ al-adillah fī uṣūl al-iʻtiqād /</marc:subfield>
         <marc:subfield code="c">li-Imām al-Ḥaramayn al-Juwaynī ; ḥaqqaqahu wa-ʻallaqa ʻalayhi wa-qaddama la-hu wa-fahrasahu Muḥammad Yūsuf Mūsá, ʻAlī ʻAbd al-Munʻim ʻAbd al-Ḥamīd.</marc:subfield>
      </marc:datafield>
      <marc:datafield tag="246" ind1="3" ind2="0">
         <marc:subfield code="6">880-04</marc:subfield>
         <marc:subfield code="a">Irshād ilá qawāṭiʻ al-adillah fī uṣūl al-iʻtiqād</marc:subfield>
      </marc:datafield>
      <marc:datafield tag="246" ind1="1" ind2="5">
         <marc:subfield code="6">880-05</marc:subfield>
         <marc:subfield code="a">Kitab al-Irshad</marc:subfield>
      </marc:datafield>
      <marc:datafield tag="260" ind1=" " ind2=" ">
         <marc:subfield code="6">880-06</marc:subfield>
         <marc:subfield code="a">Miṣr :</marc:subfield>
         <marc:subfield code="b">Maktabat al-Khānjī,</marc:subfield>
         <marc:subfield code="c">1950.</marc:subfield>
      </marc:datafield>
      <marc:datafield tag="300" ind1=" " ind2=" ">
         <marc:subfield code="a">23, 458 p. ;</marc:subfield>
         <marc:subfield code="c">24 cm.</marc:subfield>
      </marc:datafield>
      <marc:datafield tag="500" ind1=" " ind2=" ">
         <marc:subfield code="6">880-07</marc:subfield>
         <marc:subfield code="a">At head of title: Jamāʻat al-Azhar lil-Nashr wa-al-Taʾlīf.</marc:subfield>
      </marc:datafield>
      <marc:datafield tag="504" ind1=" " ind2=" ">
         <marc:subfield code="a">Includes bibliographical references and index.</marc:subfield>
      </marc:datafield>
      <marc:datafield tag="650" ind1=" " ind2="0">
         <marc:subfield code="a">Islam</marc:subfield>
         <marc:subfield code="x">Doctrines</marc:subfield>
         <marc:subfield code="v">Early works to 1800.</marc:subfield>
      </marc:datafield>
      <marc:datafield tag="700" ind1="1" ind2=" ">
         <marc:subfield code="a">Mūsá, Muḥammad Yūsuf.</marc:subfield>
      </marc:datafield>
      <marc:datafield tag="700" ind1="1" ind2=" ">
         <marc:subfield code="6">880-08</marc:subfield>
         <marc:subfield code="a">Kabīr, ʻAlī ʻAbd al-Munʻim ʻAbd al-Ḥamīd.</marc:subfield>
      </marc:datafield>
      <marc:datafield tag="880" ind1="1" ind2=" ">
         <marc:subfield code="6">100-01/(3/r</marc:subfield>
         <marc:subfield code="a">امام الحرمين الجويني، عبد الملك بن عبد الله،</marc:subfield>
         <marc:subfield code="d">1028-1085.</marc:subfield>
      </marc:datafield>
      <marc:datafield tag="880" ind1="1" ind2="0">
         <marc:subfield code="6">240-02/(3/r</marc:subfield>
         <marc:subfield code="a">ارشاد الى قواطع الادلة في اصول الاعتقاد</marc:subfield>
      </marc:datafield>
      <marc:datafield tag="880" ind1="1" ind2="2">
         <marc:subfield code="6">245-03/(3/r</marc:subfield>
         <marc:subfield code="a">كتب الارشاد الى قواطع الادلة في اصول الاعتقاد /</marc:subfield>
         <marc:subfield code="c">لامام الحرمين الجويني ؛ حققه وعلق عليه وقدم له وفهرسه محمد يوسف موسى، علي عبد المنعم عبد الحميد.</marc:subfield>
      </marc:datafield>
      <marc:datafield tag="880" ind1="3" ind2="0">
         <marc:subfield code="6">246-04/(3/r</marc:subfield>
         <marc:subfield code="a">ارشاد الى قواطع الادلة في اصول الاعتقاد</marc:subfield>
      </marc:datafield>
      <marc:datafield tag="880" ind1="1" ind2="5">
         <marc:subfield code="6">246-05/(3/r</marc:subfield>
         <marc:subfield code="a">كتب الارشد</marc:subfield>
      </marc:datafield>
      <marc:datafield tag="880" ind1=" " ind2=" ">
         <marc:subfield code="6">260-06/(3/r</marc:subfield>
         <marc:subfield code="a">مصر :</marc:subfield>
         <marc:subfield code="b">مكتبة الخانجي،</marc:subfield>
         <marc:subfield code="c">1950.</marc:subfield>
      </marc:datafield>
      <marc:datafield tag="880" ind1=" " ind2=" ">
         <marc:subfield code="6">500-07/(3/r</marc:subfield>
         <marc:subfield code="a">At head of title: جماعة الاچر للنشر والتأليف.</marc:subfield>
      </marc:datafield>
      <marc:datafield tag="880" ind1="1" ind2=" ">
         <marc:subfield code="6">700-08/(3/r</marc:subfield>
         <marc:subfield code="a">كبير، علي عبد المنعم عبد الحميد.</marc:subfield>
      </marc:datafield>
      <marc:datafield tag="852" ind1="0" ind2=" ">
         <marc:subfield code="b">nec</marc:subfield>
         <marc:subfield code="h">BP166</marc:subfield>
         <marc:subfield code="i">.I579 1950</marc:subfield>
         <marc:subfield code="p">1503975</marc:subfield>
         <marc:subfield code="x">reclassed from: 2271.5066.349</marc:subfield>
      </marc:datafield>
      <marc:datafield tag="947" ind1=" " ind2=" ">
         <marc:subfield code="a">CDV2406</marc:subfield>
      </marc:datafield>
      <marc:datafield tag="911" ind1=" " ind2=" ">
         <marc:subfield code="a">20000130</marc:subfield>
      </marc:datafield>
      <marc:datafield tag="994" ind1=" " ind2=" ">
         <marc:subfield code="a">C0</marc:subfield>
         <marc:subfield code="b">PUL</marc:subfield>
      </marc:datafield>
      <marc:datafield tag="999" ind1=" " ind2=" ">
         <marc:subfield code="a">1309485</marc:subfield>
      </marc:datafield>
   </marc:record>
</marc:collection>
